<record><leader>00000cas a22000007a 4500</leader><controlfield tag="001">12089848</controlfield><controlfield tag="008">850529d1816181uinuwr ne      0    0eng d</controlfield><datafield ind1=" " ind2=" " tag="010"><subfield code="a">sn 85047922 </subfield></datafield><datafield ind1=" " ind2=" " tag="040"><subfield code="a">NPI</subfield><subfield code="b">eng</subfield><subfield code="c">NPI</subfield><subfield code="d">OCLCQ</subfield></datafield><datafield ind1=" " ind2=" " tag="042"><subfield code="a">msc</subfield></datafield><datafield ind1="0" ind2="4" tag="245"><subfield code="a">The Cornucopia of the west.</subfield></datafield><datafield ind1=" " ind2=" " tag="260"><subfield code="a">Lexington, I.T. [i.e. Indiana Territory] :</subfield><subfield code="b">Madox &amp; Brandeberry,</subfield><subfield code="c">1816-</subfield></datafield><datafield ind1=" " ind2=" " tag="300"><subfield code="a">v.</subfield></datafield><datafield ind1=" " ind2=" " tag="310"><subfield code="a">Weekly</subfield></datafield><datafield ind1="0" ind2=" " tag="362"><subfield code="a">Vol. 1, [no. 1] (June 8, 1816)-</subfield></datafield><datafield ind1="1" ind2=" " tag="362"><subfield code="a">Probably ceased in the fall of 1816</subfield><subfield code="z">Cf. Miller, John W. Indiana newspaper bibliog.</subfield></datafield><datafield ind1=" " ind2=" " tag="500"><subfield code="a">Published June-Sept. 1816 in Lexington; published Sept. until it ceased publication in Madison.</subfield></datafield><datafield ind1=" " ind2=" " tag="500"><subfield code="a">At the time of publication Scott County was still part of Jefferson County.</subfield></datafield><datafield ind1=" " ind2=" " tag="752"><subfield code="a">United States</subfield><subfield code="b">Indiana</subfield><subfield code="c">Scott</subfield><subfield code="d">Lexington.</subfield></datafield><datafield ind1=" " ind2=" " tag="752"><subfield code="a">United States</subfield><subfield code="b">Indiana</subfield><subfield code="c">Jefferson</subfield><subfield code="d">Madison.</subfield></datafield></record>